<?xml version="1.0" encoding="UTF-8"?><collection xmlns="http://www.loc.gov/MARC21/slim"><record><leader>00542nam--2200181-i-4500</leader><controlfield tag="001">000024840</controlfield><controlfield tag="002">20161230</controlfield><controlfield tag="005">20161230201035</controlfield><controlfield tag="008">060222s1000------------r-----000-0-eng-d</controlfield><datafield ind1=" " ind2=" " tag="040"><subfield code="a">IFIN-HH</subfield></datafield><datafield ind1=" " ind2=" " tag="080"><subfield code="a">539.175.3:533.9:621.039.6</subfield></datafield><datafield ind1="1" ind2=" " tag="100"><subfield code="a">Glasstone, S</subfield></datafield><datafield ind1="1" ind2="0" tag="245"><subfield code="a">Controlled thermonuclear reactions</subfield><subfield code="b">An introduction to theory and experiment</subfield><subfield code="c">S. glasstone; r.h. lovberg</subfield></datafield><datafield ind1=" " ind2=" " tag="260"><subfield code="a">TORONTO</subfield><subfield code="b">D. Van Nostrand Company, Inc</subfield><subfield code="c">1960</subfield></datafield><datafield ind1=" " ind2=" " tag="300"><subfield code="a">523 P</subfield></datafield><datafield ind1="1" ind2=" " tag="700"><subfield code="a">Lovberg R.H</subfield></datafield><datafield ind1=" " ind2=" " tag="852"><subfield code="a">16039</subfield><subfield code="c">533.9</subfield></datafield><datafield ind1=" " ind2=" " tag="CAT"><subfield code="a">Sys</subfield><subfield code="c">20101217</subfield><subfield code="h">125555</subfield></datafield></record></collection>